@inproceedings{yorgey,
  author = {Yorgey, Brent},
  year = {2010},
  month = {11},
  pages = {147-158},
  title = {Species and Functors and Types, Oh My!},
  volume = {45},
  journal = {Sigplan Notices - SIGPLAN},
  doi = {10.1145/2088456.1863542}
}
@article{joyal,
  title={Une théorie combinatoire des séries formelles},
  volume={42},
  DOI={10.1016/0001-8708(81)90052-9},
  number={1},
  journal={Advances in Mathematics},
  author={Joyal, André},
  year={1981},
  pages={1–82}
}
@book{bergeron,
  title={Combinatorial species and tree-like structures},
  author={Bergeron, Fran{\c{c}}ois and Bergeron, F and Labelle, Gilbert and Leroux, Pierre and others},
  volume={67},
  year={1998},
  publisher={Cambridge University Press}
}
@incollection{labelle,
  title={Some new computational methods in the theory of species},
  author={Labelle, Gilbert},
  booktitle={Combinatoire {\'e}num{\'e}rative},
  pages={192--209},
  year={1986},
  publisher={Springer}
}